@book{IDbook,
 author = {Preece, Jenny and Rogers, Yvonne and Sharp, Helen},
 title = {Beyond Interaction Design: Beyond Human-Computer Interaction},
 year = {2001},
 isbn = {0471402494},
 publisher = {John Wiley \& Sons, Inc.},
 address = {New York, NY, USA},
} 

@article{proactive,
  title={Proactive integrated care improves quality of life in patients with COPD},
  author={Koff, PB and Jones, Richard H and Cashman, Joyce M and Voelkel, Norbert F and Vandivier, RW},
  journal={European Respiratory Journal},
  volume={33},
  number={5},
  pages={1031--1038},
  year={2009},
  publisher={Eur Respiratory Soc}
}

@article{third,
  title={Study of Older Adults' Use of Self-Regulation for COPD Self-Management Informs An Evidence-Based Patient Teaching Plan},
  author={Brandt, Cheryl L},
  journal={Rehabilitation Nursing},
  volume={38},
  number={1},
  pages={11--23},
  year={2013},
  publisher={Wiley Online Library}
}


@article{Atkins,
  title={Reflection: a review of the literature},
  author={Atkins, Sue and Murphy, Kathy},
  journal={Journal of advanced nursing},
  volume={18},
  number={8},
  pages={1188--1192},
  year={1993},
  publisher={Wiley Online Library}
}

@article{Rogers,
  title={Reflection in higher education: A concept analysis},
  author={Rogers, Russell R},
  journal={Innovative higher education},
  volume={26},
  number={1},
  pages={37--57},
  year={2001},
  publisher={Springer}
}


@Inbook{das,
author="Das, Anita
and B{\o}thun, Silje
and Reitan, Jarl
and Dahl, Yngve",
editor="Marcus, Aaron",
chapter="The Use of Generative Techniques in Co-design of mHealth Technology and Healthcare Services for COPD Patients",
title="Design, User Experience, and Usability: Interactive Experience Design: 4th International Conference, DUXU 2015, Held as Part of HCI International 2015, Los Angeles, CA, USA, August 2-7, 2015, Proceedings, Part III",
year="2015",
publisher="Springer International Publishing",
address="Cham",
pages="587--595",
isbn="978-3-319-20889-3",
doi="10.1007/978-3-319-20889-3_54",
url="http://dx.doi.org/10.1007/978-3-319-20889-3_54"
}

@article{dalhousie,
title = "Dalhousie Dyspnea and Perceived Exertion Scales: Psychophysical properties in children and adolescents ",
journal = "Respiratory Physiology \& Neurobiology ",
volume = "199",
number = "",
pages = "34 - 40",
year = "2014",
note = "",
issn = "1569-9048",
doi = "http://dx.doi.org/10.1016/j.resp.2014.04.003",
url = "http://www.sciencedirect.com/science/article/pii/S1569904814001013",
author = "Paolo T. Pianosi and Marianne Huebner and Zhen Zhang and Patrick J. McGrath",
keywords = "Adolescents",
keywords = "Children",
keywords = "Exercise",
keywords = "Dyspnea",
keywords = "Perceived exertion "
}



@book{Rivera,
  title={Design and Application of Quantified Self Approaches for Reflective Learning in the Workplace},
  author={Rivera Pelayo, Ver{\'o}nica},
  year={2015},
  publisher={KIT Scientific Publishing}
}

@inproceedings{Whooley2014,
  title={On the Integration of Self-tracking Data amongst Quantified Self Members},
  author={Whooley, Mark and Ploderer, Bernd and Gray, Kathleen},
  booktitle={Proceedings of the 28th International BCS Human Computer Interaction Conference on HCI 2014-Sand, Sea and Sky-Holiday HCI},
  pages={151--160},
  year={2014},
  organization={BCS}
}

@manual{exact,
author = {EXACT-PRO Initiative},
title = {The Exacerbations of Chronic Pulmonary Obstructive Disease Tool (EXACT): Patient-Reported Outcome (PRO)},
date = {October 2014},
language = {English},
version = {Version 7.0},
organization = {Evidera},
pagetotal = {43},
pubstate = {October 2014},
}

@inproceedings{Mols,
  title={Technologies for Everyday Life Reflection: Illustrating a Design Space},
  author={Mols, Ine and van den Hoven, Elise and Eggen, Berry},
  booktitle={Proceedings of the TEI'16: Tenth International Conference on Tangible, Embedded, and Embodied Interaction},
  pages={53--61},
  year={2016},
  organization={ACM}
}


@incollection{Cuttone,
  title={Four Data Visualization Heuristics to Facilitate Reflection in Personal Informatics},
  author={Cuttone, Andrea and Petersen, Michael Kai and Larsen, Jakob Eg},
  booktitle={Universal Access in Human-Computer Interaction. Design for All and Accessibility Practice},
  pages={541--552},
  year={2014},
  publisher={Springer}
}

@article{Muller,
  title={Context Becomes Content: Sensor Data for Computer-Supported Reflective Learning},
  author={Muller, Lars and Divitini, Monica and Mora, Simone and Rivera-Pelayo, Ver{\'o}nica and Stork, Wilhelm},
  journal={Learning Technologies, IEEE Transactions on},
  volume={8},
  number={1},
  pages={111--123},
  year={2015},
  publisher={IEEE}
}


@inproceedings{Sorensen,
  title={Financial Visualization Case Study: Correlating Financial Timeseries and Discrete Events to Support Investment Decisions},
  author={Sorenson, Eugene and Brath, Richard},
  booktitle={2013 17th International Conference on Information Visualisation},
  pages={232--238},
  year={2013},
  organization={IEEE}
}

@inproceedings{Isaac,
  title={Echoes from the past: how technology mediated reflection improves well-being},
  author={Isaacs, Ellen and Konrad, Artie and Walendowski, Alan and Lennig, Thomas and Hollis, Victoria and Whittaker, Steve},
  booktitle={Proceedings of the SIGCHI Conference on Human Factors in Computing Systems},
  pages={1071--1080},
  year={2013},
  organization={ACM}
}

@inproceedings{Li2010,
  title={A stage-based model of personal informatics systems},
  author={Li, Ian and Dey, Anind and Forlizzi, Jodi},
  booktitle={Proceedings of the SIGCHI Conference on Human Factors in Computing Systems},
  pages={557--566},
  year={2010},
  organization={ACM}
}

@inproceedings{Li2011,
  title={Understanding my data, myself: supporting self-reflection with ubicomp technologies},
  author={Li, Ian and Dey, Anind K and Forlizzi, Jodi},
  booktitle={Proceedings of the 13th international conference on Ubiquitous computing},
  pages={405--414},
  year={2011},
  organization={ACM}
}

@inproceedings{Choe2014,
  title={Understanding quantified-selfers' practices in collecting and exploring personal data},
  author={Choe, Eun Kyoung and Lee, Nicole B and Lee, Bongshin and Pratt, Wanda and Kientz, Julie A},
  booktitle={Proceedings of the 32nd annual ACM conference on Human factors in computing systems},
  pages={1143--1152},
  year={2014},
  organization={ACM}
}

@article{Verdezoto2015,
  title={On preventive blood pressure self-monitoring at home},
  author={Verdezoto, Nervo and Gr{\"o}nvall, Erik},
  journal={Cognition, Technology \& Work},
  pages={1--19},
  year={2015},
  publisher={Springer}
}

@inproceedings{Oh2015,
  title={Exploring UX issues in Quantified Self technologies},
  author={Oh, Jeungmin and Lee, Uichin},
  booktitle={Mobile Computing and Ubiquitous Networking (ICMU), 2015 Eighth International Conference on},
  pages={53--59},
  year={2015},
  organization={IEEE}
}

@article{Chung2015,
  title={More than telemonitoring: Health provider use and nonuse of life-log data in irritable bowel syndrome and weight management},
  author={Chung, Chia-Fang and Cook, Jonathan and Bales, Elizabeth and Zia, Jasmine and Munson, Sean A},
  journal={Journal of medical Internet research},
  volume={17},
  number={8},
  pages={e203},
  year={2015},
  publisher={JMIR Publications Inc., Toronto, Canada}
}

@inproceedings{Chung2016,
 author = {Chung, Chia-Fang and Dew, Kristin and Cole, Allison and Zia, Jasmine and Fogarty, James and Kientz, Julie A. and Munson, Sean A.},
 title = {Boundary Negotiating Artifacts in Personal Informatics: Patient-Provider Collaboration with Patient-Generated Data},
 booktitle = {Proceedings of the 19th ACM Conference on Computer-Supported Cooperative Work \& Social Computing},
 series = {CSCW '16},
 year = {2016},
 isbn = {978-1-4503-3592-8},
 location = {San Francisco, California, USA},
 pages = {770--786},
 numpages = {17},
 url = {http://doi.acm.org/10.1145/2818048.2819926},
 doi = {10.1145/2818048.2819926},
 acmid = {2819926},
 publisher = {ACM},
 address = {New York, NY, USA},
 keywords = {Personal informatics, boundary negotiating artifacts, chronic disease management, patient-generated data, patient-provider collaboration, self-tracking},
} 



@inproceedings{MacLeod2014,
  title={Personal informatics in chronic illness management},
  author={MacLeod, Haley and Tang, Anthony and Carpendale, Sheelagh},
  booktitle={Proceedings of Graphics Interface 2013},
  pages={149--156},
  year={2013},
  organization={Canadian Information Processing Society}
}

@inproceedings{Epstein2015,
  title={A lived informatics model of personal informatics},
  author={Epstein, Daniel A and Ping, An and Fogarty, James and Munson, Sean A},
  booktitle={Proceedings of the 2015 ACM International Joint Conference on Pervasive and Ubiquitous Computing},
  pages={731--742},
  year={2015},
  organization={ACM}
}

@article{Ancker2015,
  title={“You Get Reminded You’re a Sick Person”: Personal Data Tracking and Patients With Multiple Chronic Conditions},
  author={Ancker, Jessica S and Witteman, Holly O and Hafeez, Baria and Provencher, Thierry and Van de Graaf, Mary and Wei, Esther},
  journal={Journal of medical Internet research},
  volume={17},
  number={8},
  year={2015},
  publisher={JMIR Publications Inc.}
}

@inproceedings{Rooksby2014,
  title={Personal tracking as lived informatics},
  author={Rooksby, John and Rost, Mattias and Morrison, Alistair and Chalmers, Matthew Chalmers},
  booktitle={Proceedings of the 32nd annual ACM conference on Human factors in computing systems},
  pages={1163--1172},
  year={2014},
  organization={ACM}
}

@inproceedings{Patel2012,
  title={Probing the benefits of real-time tracking during cancer care},
  author={Patel, Rupa A and Klasnja, Predrag and Hartzler, Andrea and Unruh, Kenton T and Pratt, Wanda},
  booktitle={AMIA Annual Symposium Proceedings},
  volume={2012},
  pages={1340},
  year={2012},
  organization={American Medical Informatics Association}
}

@article{Kessler,
  title={Symptom variability in patients with severe COPD: a pan-European cross-sectional study},
  author={Kessler, Romain and Partridge, Martyn R and Miravitlles, Marc and Cazzola, Mario and Vogelmeier, Claus and Leynaud, Delphine and Ostinelli, Juliette},
  journal={European Respiratory Journal},
  volume={37},
  number={2},
  pages={264--272},
  year={2011},
  publisher={Eur Respiratory Soc}
}

@article{pedone,
  title={Systematic review of telemonitoring in COPD: an update},
  author={Pedone, Claudio and Lelli, Diana},
  journal={Pneumologia i Alergologia Polska},
  volume={83},
  number={6},
  pages={476--484},
  year={2015}
}

@article{Wilkinson,
  title={Early therapy improves outcomes of exacerbations of chronic obstructive pulmonary disease},
  author={Wilkinson, Tom MA and Donaldson, Gavin C and Hurst, John R and Seemungal, Terence AR and Wedzicha, Jadwiga A},
  journal={American journal of respiratory and critical care medicine},
  volume={169},
  number={12},
  pages={1298--1303},
  year={2004},
  publisher={Am Thoracic Soc}
}

@article{piloting,
  title={Piloting tele-monitoring in COPD: a mixed methods exploration of issues in design and implementation},
  author={Ure, Jenny and Pinnock, Hilary and Hanley, Janet and Kidd, Gillian and Smith, Emily McCall and Tarling, Alex and Pagliari, Claudia and Sheikh, Aziz and MacNee, William and McKinstry, Brian},
  journal={Primary Care Respiratory Journal},
  volume={21},
  number={1},
  pages={57--64},
  year={2011},
  publisher={Nature Publishing Group}
}

@inproceedings{Fleck,
  title={Reflecting on reflection: framing a design landscape},
  author={Fleck, Rowanne and Fitzpatrick, Geraldine},
  booktitle={Proceedings of the 22nd Conference of the Computer-Human Interaction Special Interest Group of Australia on Computer-Human Interaction},
  pages={216--223},
  year={2010},
  organization={ACM}
}


